<?xml version="1.0" encoding="UTF-8"?><collection xmlns="http://www.loc.gov/MARC21/slim"><record><leader>00344nam--2200133-i-4500</leader><controlfield tag="001">000040074</controlfield><controlfield tag="002">20161230</controlfield><controlfield tag="005">20161230201042</controlfield><controlfield tag="008">060222s1000------------r-----000-0-eng-d</controlfield><datafield ind1=" " ind2=" " tag="080"><subfield code="a">615.849:621.039.85</subfield></datafield><datafield ind1=" " ind2=" " tag="100"><subfield code="a">Saha,Gopal B</subfield></datafield><datafield ind1=" " ind2=" " tag="245"><subfield code="a">Fundamentals of nuclear pharmacy</subfield></datafield><datafield ind1=" " ind2=" " tag="260"><subfield code="a">New York, Springer-verlag, 1979. Xv + 272 P</subfield></datafield><datafield ind1=" " ind2=" " tag="852"><subfield code="a">47896</subfield></datafield></record></collection>